@article{NIST,
  Title				= {Recommendation for Key Managment},
  Subtitle			= {Part 3: Application Specific Key. Management Guidance},
  Author			= {Baker, Elaine and Dang, Quynh},
  Publisher		= {National Institute of Standards and Technology, U.S. Department of Commerce},
  Year				= {2015},
  Url				= {https://nvlpubs.nist.gov/nistpubs/SpecialPublications/NIST.SP.800-57Pt3r1.pdf},
  Type				= {online}
}

@book{Knuth,
  Title				= {The Art of Computer Programming},
  Subtitle			= {Seminumerical Algorithms},
  Volume			= {2},
  Author			= {Knuth, Donald Ervin},
  Publisher		= {Addison-Wesley},
  Year				= {1997},
  Edition			= {3},
  Isbn				= {0-201-89684-2}
}

@article{Montinaro,
  Title				= {Introduzione alla Crittografia},
  Author			= {Montinaro, Alessandro and Rizzo, Pierluigi},
  Publisher		= {Università del Salento, dipartimento di Matematica e Fisica},
  Year				= {2019},
  Url				= {http://siba-ese.unisalento.it/index.php/quadmat/article/download/21251/17955},
  Type				= {online}
}

@article{documentazione,
  Title				= {A Method for Obtaining Digital Signatures and Public-Key Cryptosystems},
  Author			= {Rivest, Ronald Linn and Shamir, Adi and Adlemann, Leonard},
  Publisher		= {Massachusetts Institute of Technology, Cambridge},
  Year				= {1977},
  Url				= {https://people.csail.mit.edu/rivest/Rsapaper.pdf},
  Type				= {online}
}

@thesis{diomedi,
  Title				= {Attacco di Wiener ad RSA mediante frazioni continue},
  Author			= {Diomedi, Stefano},
  Publisher		= {Università di Bologna},
  Year				= {2013-2014},
  Url				= {https://amslaurea.unibo.it/8708/1/Diomedi_Stefano_tesi.pdf},
  Type				= {online}
}

@online{webRSA,
  Title				= {RSA Algorithm},
  Url				= {https://www.di-mgt.com.au/rsa_alg.html},
  Addendum		= {(ultimo accesso: 10 settembre 2020)},
  Type				= {online}
}

@online{wiki,
  Title				= {RSA (cryptosystem)},
  Url				= {https://en.wikipedia.org/wiki/RSA_(cryptosystem)},
  Addendum		= {(ultimo accesso: 10 settembre 2020)},
  Type				= {online}
}








  